<record><leader>00000cas a2200000 a 4500</leader><controlfield tag="001">8786404</controlfield><controlfield tag="008">820918d1869190ucauwr ne      0   a0eng  </controlfield><datafield ind1=" " ind2=" " tag="010"><subfield code="a">sn 82014047 </subfield></datafield><datafield ind1=" " ind2=" " tag="040"><subfield code="a">DLC</subfield><subfield code="b">eng</subfield><subfield code="c">DLC</subfield><subfield code="d">NPX</subfield><subfield code="d">DLC</subfield><subfield code="d">MGN</subfield><subfield code="d">CNK</subfield><subfield code="d">DLC</subfield><subfield code="d">CNK</subfield><subfield code="d">OCLCO</subfield><subfield code="d">OCLCQ</subfield><subfield code="d">OCLCF</subfield></datafield><datafield ind1="1" ind2=" " tag="029"><subfield code="a">AU@</subfield><subfield code="b">000025812121</subfield></datafield><datafield ind1=" " ind2=" " tag="042"><subfield code="a">pcc</subfield></datafield><datafield ind1=" " ind2=" " tag="043"><subfield code="a">n-us-ca</subfield></datafield><datafield ind1="0" ind2="0" tag="050"><subfield code="a">Newspaper</subfield></datafield><datafield ind1="0" ind2=" " tag="130"><subfield code="a">San Jose weekly mercury (San Jose, Calif. : 1869)</subfield></datafield><datafield ind1="1" ind2="0" tag="245"><subfield code="a">San Jose weekly mercury.</subfield></datafield><datafield ind1="1" ind2="3" tag="246"><subfield code="a">San Jose mercury</subfield></datafield><datafield ind1="3" ind2="0" tag="246"><subfield code="a">Weekly mercury</subfield></datafield><datafield ind1=" " ind2=" " tag="260"><subfield code="a">San Jose, Calif. :</subfield><subfield code="b">J.J. Owen &amp; Co.,</subfield><subfield code="c">1869-</subfield></datafield><datafield ind1=" " ind2=" " tag="300"><subfield code="a">v.</subfield></datafield><datafield ind1=" " ind2=" " tag="310"><subfield code="a">Weekly</subfield></datafield><datafield ind1="0" ind2=" " tag="362"><subfield code="a">Vol. 17, no. 12 (July 29, 1869)-</subfield></datafield><datafield ind1="1" ind2=" " tag="362"><subfield code="a">Ceased in 1903.</subfield></datafield><datafield ind1=" " ind2=" " tag="500"><subfield code="a">The word "weekly" appears over the masthead ornament.</subfield></datafield><datafield ind1=" " ind2=" " tag="530"><subfield code="a">Available on microfilm from the Library of Congress, Photoduplication Service.</subfield></datafield><datafield ind1=" " ind2=" " tag="530"><subfield code="a">Master negatives are available for duplication from:</subfield><subfield code="b">California Newspaper Microfilm Archive;</subfield><subfield code="c">positive copies may be purchased by the reel; for further information consult the CNMA at:</subfield><subfield code="u">http://cbsr.ucr.edu</subfield></datafield><datafield ind1=" " ind2=" " tag="580"><subfield code="a">Merged with: Weekly times (San Jose, Calif.), to become: Times-Mercury weekly.</subfield></datafield><datafield ind1=" " ind2="0" tag="651"><subfield code="a">San Jose (Calif.)</subfield><subfield code="v">Newspapers.</subfield></datafield><datafield ind1=" " ind2="0" tag="651"><subfield code="a">Santa Clara County (Calif.)</subfield><subfield code="v">Newspapers.</subfield></datafield><datafield ind1=" " ind2="7" tag="655"><subfield code="a">Newspapers.</subfield><subfield code="2">fast</subfield><subfield code="0">(OCoLC)fst01423814</subfield></datafield><datafield ind1=" " ind2="7" tag="651"><subfield code="a">California</subfield><subfield code="z">San Jose.</subfield><subfield code="2">fast</subfield><subfield code="0">(OCoLC)fst01206320</subfield></datafield><datafield ind1=" " ind2="7" tag="651"><subfield code="a">California</subfield><subfield code="z">Santa Clara County.</subfield><subfield code="2">fast</subfield><subfield code="0">(OCoLC)fst01206015</subfield></datafield><datafield ind1=" " ind2=" " tag="752"><subfield code="a">United States</subfield><subfield code="b">California</subfield><subfield code="c">Santa Clara</subfield><subfield code="d">San Jose.</subfield></datafield><datafield ind1="0" ind2=" " tag="775"><subfield code="t">San Jose daily Mercury (San Jose, Calif. : 1869)</subfield><subfield code="w">(DLC)sn 85025109</subfield><subfield code="w">(OCoLC)11580420</subfield></datafield><datafield ind1="0" ind2=" " tag="775"><subfield code="t">San Jose times-Mercury</subfield><subfield code="w">(DLC)sn 93051504</subfield><subfield code="w">(OCoLC)28399998</subfield></datafield><datafield ind1="0" ind2=" " tag="775"><subfield code="t">San Jose daily Mercury (San Jose, Calif. : 1885)</subfield><subfield code="w">(DLC)sn 93051505</subfield><subfield code="w">(OCoLC)28400002</subfield></datafield><datafield ind1="0" ind2="0" tag="780"><subfield code="t">San Jose Mercury (San Jose, Calif. : 1860)</subfield><subfield code="w">(DLC)sn 82016393</subfield><subfield code="w">(OCoLC)9309756</subfield></datafield><datafield ind1="1" ind2="7" tag="785"><subfield code="t">Weekly times (San Jose, Calif.)</subfield><subfield code="w">(DLC)sn 93051497</subfield><subfield code="w">(OCoLC)28399964</subfield></datafield><datafield ind1="1" ind2="7" tag="785"><subfield code="t">Times-Mercury weekly</subfield><subfield code="w">(DLC)sn 93051493</subfield><subfield code="w">(OCoLC)28399973</subfield></datafield></record>